<?xml version="1.0" encoding="UTF-8"?><collection xmlns="http://www.loc.gov/MARC21/slim"><record><leader>00492nam--2200133-i-4500</leader><controlfield tag="001">000001976</controlfield><controlfield tag="002">20161230</controlfield><controlfield tag="005">20161230201024</controlfield><controlfield tag="008">060222s1000------------r-----000-0-eng-d</controlfield><datafield ind1=" " ind2=" " tag="100"><subfield code="a">Freitag, Albert</subfield></datafield><datafield ind1=" " ind2=" " tag="245"><subfield code="a">Verhalten von katalytstrahlern bei betriebmit lufvirmischung zum gas und der verbrennung von luft gegen eine gasatmosphare</subfield></datafield><datafield ind1=" " ind2=" " tag="260"><subfield code="a">Koln, Westdeutscher Verlag, 1958. 32 P</subfield></datafield><datafield ind1=" " ind2=" " tag="490"><subfield code="a">Forschungsberichte Des Withschafts-und Verkehrsministeriums Nordheim-westfalen</subfield></datafield><datafield ind1=" " ind2=" " tag="852"><subfield code="a">14377</subfield></datafield></record></collection>